@online{Seth1,
  author = {Seth Shostak},
   title = {Do Aliens Exist? Your Tax Dollars May Hold the Truth},
    date = 2017-12-20,
     url = {http://www.newsweek.com/do-aliens-exist-your-tax-dollars-may-hold-answer-753151},
 urldate = 2018-01-18,
 organization = "Newsweek"
}

@article{Biosig,
   author = {{Schwieterman}, E.~W. and {Kiang}, N.~Y. and {Parenteau}, M.~N.
             and {Harman}, C.~E. and {DasSarma}, S. and {Fisher}, T.~M. and
             {Arney}, G.~N. and {Hartnett}, H.~E. and {Reinhard}, C.~T. and
             {Olson}, S.~L. and {Meadows}, V.~S. and {Cockell}, C.~S. and
             {Walker}, S.~I. and {Grenfell}, J.~L. and {Hegde}, S. and
             {Rugheimer}, S. and {Hu}, R. and {Lyons}, T.~W.},
    title = "{Exoplanet Biosignatures: A Review of Remotely Detectable Signs of Life}",
  journal = {ArXiv e-prints},
archivePrefix = "arXiv",
   eprint = {1705.05791},
 primaryClass = "astro-ph.EP",
 keywords = {Astrophysics - Earth and Planetary Astrophysics},
     year = 2017,
    month = may,
   adsurl = {http://adsabs.harvard.edu/abs/2017arXiv170505791S},
  adsnote = {Provided by the SAO/NASA Astrophysics Data System}
}

@online{Kepler,
  editor = {Michele Johnson},
   title = {Kepler and K2 Mission Overview},
    date = 2018-01-04,
     url = {https://www.nasa.gov/mission_pages/kepler/overview},
 urldate = 2018-01-18,
 organization = NASA
}

@article{Presto,
  author = {Michael C LoPresto and Hector Ochoa},
   title = {Searching for potentially habitable extra solar planets: a directed-study using real data from the NASA Kepler -Mission},
 journal = {Physics Education},
  volume = {52},
  number = {6},
   pages = {065016},
     url = {http://stacks.iop.org/0031-9120/52/i=6/a=065016},
    year = 2017,
abstract = {What follows is a description of the procedure for a directed-study
            in which a student, guided by a faculty member, attempted to
            identify potentially habitable exoplanets using actual data
            available online from NASA’s Kepler Mission.}
}

@article{Ozma,
   title = {Project Ozma: the birth of observational SETI},
  author = {Shuch, H Paul},
 journal = {Searching for Extraterrestrial Intelligence},
   pages = {13--18},
    year = {2011},
publisher = {Springer}
}

@article{Exo1,
   author = {{Cochran}, W.~D. and {Hatzes}, A.~P. and {Hancock}, T.~J.},
    title = "{Constraints on the companion object to HD 114762}",
  journal = {The Astrophysical Journal},
 keywords = {Binary Stars, Brown Dwarf Stars, Companion Stars, Planetary Systems, Radial Velocity, Stellar Mass, Stellar Orbits},
     year = 1991,
    month = oct,
   volume = 380,
    pages = {L35-L38},
      doi = {10.1086/186167},
   adsurl = {http://adsabs.harvard.edu/abs/1991ApJ...380L..35C},
  adsnote = {Provided by the SAO/NASA Astrophysics Data System}
}

@article{Bora,
    title = "CD-HPF: New habitability score via data analytic modeling",
  journal = "Astronomy and Computing",
   volume = "17",
    pages = "129 - 143",
     year = "2016",
     issn = "2213-1337",
      doi = "https://doi.org/10.1016/j.ascom.2016.08.001",
      url = "http://www.sciencedirect.com/science/article/pii/S2213133716300865",
   author = "K. Bora and S. Saha and S. Agrawal and M. Safonova and S. Routh and A. Narasimhamurthy",
 keywords = "Habitability score, Cobb–Douglas production function, Exoplanets, Machine learning, CDHS, Optimization"
}

@article{Saha,
   author = {{Saha}, S. and {Basak}, S. and {Bora}, K. and {Safonova}, M. and {Agrawal}, S. and {Sarkar}, P. and {Murthy}, J.},
    title = "{Theoretical Validation of Potential Habitability via Analytical and Boosted Tree Methods: An Optimistic Study on Recently Discovered Exoplanets}",
  journal = {ArXiv e-prints},
archivePrefix = "arXiv",
   eprint = {1712.01040},
 primaryClass = "astro-ph.EP",
 keywords = {Astrophysics - Earth and Planetary Astrophysics},
     year = 2017,
    month = dec,
   adsurl = {http://adsabs.harvard.edu/abs/2017arXiv171201040S},
  adsnote = {Provided by the SAO/NASA Astrophysics Data System}
}

@inproceedings{PSO1,
  title={A new optimizer using particle swarm theory},
  author={Eberhart, Russell and Kennedy, James},
  booktitle={Micro Machine and Human Science, 1995. MHS'95., Proceedings of the Sixth International Symposium on},
  pages={39--43},
  year={1995},
  organization={IEEE}
}

@inproceedings{PSO2,
  title={A modified particle swarm optimizer},
  author={Shi, Yuhui and Eberhart, Russell},
  booktitle={Evolutionary Computation Proceedings, 1998. IEEE World Congress on Computational Intelligence., The 1998 IEEE International Conference on},
  pages={69--73},
  year={1998},
  organization={IEEE}
}

@article{Poli1,
  title={An analysis of publications on particle swarm optimization applications},
  author={Poli, Riccardo},
  journal={Essex, UK: Department of Computer Science, University of Essex},
  year={2007}
}

@article{Poli2,
  title={Analysis of the publications on the applications of particle swarm optimisation},
  author={Poli, Riccardo},
  journal={Journal of Artificial Evolution and Applications},
  volume={2008},
  year={2008},
  publisher={Hindawi Publishing Corporation}
}

@online{PHL,
  editor = {Abel Méndez},
   title = {PHL's Exoplanets Catalog},
    date = 2017-11-15,
     url = {http://phl.upr.edu/projects/habitable-exoplanets-catalog/data/database},
 urldate = 2018-01-18,
 organization = "Planetary Habitability Laboratory, University of Puerto Rico at Arecibo."
}

@inproceedings{Cop,
   title = {A swarm with an effective information sharing mechanism for unconstrained and constrained single objective optimisation problems},
  author = {Ray, Tapabrata and Liew, KM},
   booktitle = {Evolutionary Computation, 2001. Proceedings of the 2001 Congress on},
  volume = {1},
   pages = {75--80},
    year = {2001},
organization = {IEEE}
}
